<?xml version="1.0" encoding="UTF-8"?><collection xmlns="http://www.loc.gov/MARC21/slim"><record><leader>00372nam--2200133-i-4500</leader><controlfield tag="001">000005181</controlfield><controlfield tag="002">20161230</controlfield><controlfield tag="005">20161230201026</controlfield><controlfield tag="008">060222s1000------------r-----000-0-eng-d</controlfield><datafield ind1=" " ind2=" " tag="100"><subfield code="a">Callick,E.B.And Thomson,J</subfield></datafield><datafield ind1=" " ind2=" " tag="245"><subfield code="a">Electron physics and technology</subfield></datafield><datafield ind1=" " ind2=" " tag="260"><subfield code="a">London,The English Universities Press,1959. Xiv + 527 P</subfield></datafield><datafield ind1=" " ind2=" " tag="490"><subfield code="a">Physical Science Texts</subfield></datafield><datafield ind1=" " ind2=" " tag="852"><subfield code="a">15768</subfield></datafield></record></collection>